<record><leader>00000cas a22000007a 4500</leader><controlfield tag="001">20536825</controlfield><controlfield tag="008">891023d18901895mouwr ne      0    0eng d</controlfield><datafield ind1=" " ind2=" " tag="010"><subfield code="a">sn 89067112 </subfield></datafield><datafield ind1=" " ind2=" " tag="040"><subfield code="a">MQN</subfield><subfield code="b">eng</subfield><subfield code="c">MQN</subfield><subfield code="d">OCLCQ</subfield></datafield><datafield ind1=" " ind2=" " tag="042"><subfield code="a">msc</subfield></datafield><datafield ind1="0" ind2="0" tag="245"><subfield code="a">El Dorado mascot.</subfield></datafield><datafield ind1=" " ind2=" " tag="260"><subfield code="a">El Dorado, Cedar Co., Mo. :</subfield><subfield code="b">W.S. Crockett</subfield></datafield><datafield ind1=" " ind2=" " tag="300"><subfield code="a">v.</subfield></datafield><datafield ind1=" " ind2=" " tag="310"><subfield code="a">Weekly</subfield></datafield><datafield ind1="1" ind2=" " tag="362"><subfield code="a">Began in 1890? Ceased in 1895?</subfield></datafield><datafield ind1=" " ind2=" " tag="588"><subfield code="a">Description based on: Vol. 1, no. 32 (Oct. 23, 1890).</subfield></datafield><datafield ind1=" " ind2=" " tag="752"><subfield code="a">United States</subfield><subfield code="b">Missouri</subfield><subfield code="c">Cedar</subfield><subfield code="d">El Dorado.</subfield></datafield><datafield ind1="0" ind2="0" tag="785"><subfield code="t">Dorado Springs sun</subfield><subfield code="w">(DLC)sn 87060328</subfield></datafield></record>